1586 2618
0 0 50 79 w

277 157 360 193 DE
393 148 699 197 ORATOEME
746 154 864 190 LIB.
888 155 957 190 111.
984 167 1014 190 ῃ.
1198 166 1280 207 ⁰85

29 289 76 324 In
99 287 144 323 B.
168 286 235 325 Hic
257 295 292 320 et
314 299 416 332 saepe
440 286 543 320 inter.
601 280 725 318 Guelf.
750 281 795 317 C.
831 294 965 329 semper
993 278 1069 329 fere
1091 283 1282 330 contigisse

28 356 228 393 constabat.

97 427 184 473 Pag.
208 430 286 468 250.
329 436 368 459 v.
392 429 425 467 5.
478 422 603 458 audivi
634 440 680 449 —
736 419 938 456 omissum
973 418 1050 456 hoc
1085 419 1279 456 Guelferb.

29 495 75 531 A.
99 496 142 530 B.
165 495 208 530 C.
253 493 324 529 Sed
348 492 458 528 male.

98 565 184 611 Pag.
206 571 284 607 250.
321 575 358 597 v.
385 572 437 596 12.
483 563 520 596 in
544 560 722 608 republica
752 559 955 605 repudiaret
972 576 1019 584 —
1049 557 1167 606 Vulg.
1191 572 1215 594 a
1233 572 1283 593 re.

29 628 172 682 {mblica
196 633 406 679 repudiaret.
458 629 584 666 Guelf.
615 630 659 665 A.
694 643 734 678 re*
759 643 796 675 p.
826 627 1038 674 repudiaret.
1083 628 1127 663 B.
1160 643 1183 663 a
1206 641 1281 673 rep.

30 702 242 749 repudiaret.
305 701 347 736 C.
381 702 418 734 in
451 713 520 733 rem
550 713 611 744 pu.
643 698 855 743 repudiaret.
911 697 1021 731 Hanc
1059 695 1283 732 varietatem

30 770 211 807 lectionis
236 769 496 816 Heusingerus
522 767 575 802 sic
601 777 721 803 ortam
747 778 825 801 esse
849 764 1012 814 putabat.
1059 763 1286 800 Librarium

31 838 161 876 Guelf.
181 841 225 874 A.
251 837 350 873 male
377 838 502 872 literas
526 836 638 872 verbi
670 836 870 882 repudiaret
898 833 1039 884 primas
1063 833 1220 882 legisse,
1247 844 1286 870 et

30 923 68 944 re
89 923 125 955 p.
150 920 218 955 per
243 919 410 941 errorem
436 906 643 953 scripsisse,
667 904 784 952 idque
808 903 951 940 vitium
975 902 1132 951 cognito
1157 914 1285 938 errore

31 976 147 1012 litura
173 975 308 1011 tollere
330 974 524 1013 noluissez
551 972 646 1008 alios
667 973 826 1013 deinde,
850 983 894 1007 ut
917 984 1067 1007 sensum
1091 970 1286 1012 fulcirent,

78 1059 151 1090 rep.
192 1044 288 1080 alios
325 1046 362 1078 in
397 1057 503 1087 remp.
539 1043 634 1078 alios
666 1043 752 1088 reip.
787 1041 931 1076 fecisse.
991 1040 1186 1088 Quicquid
1221 1040 1284 1081 sit,

34 1113 149 1149 nobis
174 1126 254 1148 non
279 1113 440 1148 omnino
467 1111 680 1148 tollendum
703 1110 859 1146 videtur
891 1109 1090 1152 republica,
1129 1109 1192 1144 sed
1217 1122 1285 1158 po-

34 1183 110 1220 tius
134 1182 341 1230 legendnm
366 1183 402 1216 in
426 1181 607 1227 republica
641 1178 723 1215 scil.
760 1178 943 1227 gerenda,
977 1177 1020 1212 id
1050 1178 1156 1226 quod
1190 1178 1288 1226 opti-

35 1264 97 1287 rne
122 1250 306 1287 convenit
321 1249 498 1298 Philippi
523 1262 598 1285 cos.
621 1248 773 1288 verbis,
816 1260 927 1295 supra
952 1248 1288 1284 commemoratis:

35 1321 100 1357 illo
122 1330 245 1354 senatu
269 1332 305 1354 se
328 1320 576 1365 rempublicam
597 1331 713 1365 gerere
736 1331 807 1354 non
835 1330 948 1364 posse.

103 1391 190 1436 Pag.
212 1396 293 1432 250.
326 1401 363 1423 v.
388 1387 441 1424 16.
482 1387 542 1422 sed
573 1388 733 1434 graviter
767 1387 903 1421 exarsit
933 1404 978 1411 —-
1036 1385 1099 1420 Sic
1121 1383 1288 1419 Ernestii

36 1459 260 1495 auctoritate
293 1455 471 1504 rescripsi
506 1467 577 1503 pro
611 1454 717 1502 vulg.
752 1465 787 1489 et
817 1455 975 1501 graviter
994 1454 1131 1489 exarsit
1141 1477 1152 1493 ,
1185 1452 1289 1500 quod

35 1538 124 1577 post
148 1540 219 1562 non
243 1526 327 1560 tulit
350 1524 478 1559 minus
504 1523 751 1559 commo‘dum
785 1522 998 1559 videbatur.

105 1598 191 1643 Pag.
212 1602 289 1638 250.
323 1606 361 1629 v.
385 1599 439 1637 ²8·
485 1593 716 1642 efferebantur
738 1612 785 1622 —-
824 1591 976 1627 Ernesti
998 1589 1099 1626 coni.
1117 1586 1291 1637 sereban-

0 1704 2 1710 Ι
37 1674 105 1700 tur.
151 1663 255 1698 Illud
282 1673 405 1698 tamen
430 1675 500 1697 cur
524 1671 739 1703 mutemus,
764 1674 872 1697 causa
897 1673 975 1696 non
1000 1669 1074 1698 est,
1109 1657 1191 1694 eive
1213 1668 1289 1706 pro

0 1742 2 1749 '
37 1733 219 1783 effere-ndo
243 1746 288 1766 ex
312 1741 434 1767 senatu
459 1732 715 1770 narrabantur,
742 1731 823 1766 sive
850 1743 919 1778 pro
945 1727 1203 1766 laudabantur,
1227 1738 1291 1760 ex·

39 1802 255 1838 tollebantur
277 1800 449 1850 positum
476 1810 596 1847 putes.
655 1800 778 1836 Crassi
813 1798 960 1834 dictum
984 1805 1173 1832 memorat
1198 1806 1293 1844 quo·

39 1883 113 1919 que
137 1870 310 1908 Valerius
337 1871 438 1905 Max.
463 1870 528 1907 VI.
552 1879 582 1904 2.

108 1941 194 1987 Pag.
218 1947 295 1982 250.
329 1952 367 1974 v.
389 1949 444 1974 21.
478 1951 545 1985 pro
570 1939 719 1985 pignore
741 1937 880 1983 putaris
898 1955 945 1963 —
975 1932 1160 1970 Mendoso
1180 1944 1292 1980 quae·

15 2008 127 2044 *dam
155 2007 238 2043 edd.
264 2018 306 2043 ut
329 2007 477 2046 Victor.
500 2019 732 2054 propugnare
763 2015 919 2052 putares.
975 2003 1032 2039 Id.
1059 2011 1191 2052 postea
1213 2014 1294 2038 con-

43 2077 181 2112 uiderer.

112 2147 200 2194 Peg.
222 2154 301 2191 250.
334 2158 372 2183 v.
391 2153 447 2189 25.
489 2144 667 2181 caedenda
689 2162 734 2171 —
771 2142 833 2180 Sic
855 2140 981 2180 Guelf.
1005 2141 1049 2178 A.
1069 2142 1113 2178 Β.
1137 2141 1180 2178 C.
1202 2151 1292 2188 pro·

19 2496 33 2535 q„
26 2467 29 2480 .„
