1586 2618
269 196 351 232 DE
394 172 694 233 ofiATonE
738 195 856 231 Lm.
879 197 928 231 11.
956 201 1011 241 82.
1035 202 1091 240 33.
1229 199 1311 246 267

131 324 218 371 Peg.
238 331 316 367 251.
349 335 388 359 v.
406 330 440 366 5.
487 322 580 358 vidit
597 341 643 349 -
690 321 816 358 Guelf.
841 322 887 358 A.
909 322 1018 359 videt.

134 393 220 439 Pag.
244 401 321 436 251.
356 404 394 428 v.
414 391 448 428 6.
495 393 557 438 qui
577 393 662 438 quia
673 392 997 429 mbro‘mutaneur
1026 409 1073 419 --
1119 391 1246 429 Guelf.
1264 392 1311 428 A.

69 472 256 497 omlssum
281 462 378 507 quia.

134 531 321 577 Pag.·231.
355 543 394 566 v.
416 539 468 566 12.
532 529 752 567 admovenda
778 539 830 566 est
863 549 909 560 -
965 514 1092 566 Guelf.
1120 531 1165 565 B.
1210 530 1311 566 adhi-

23 611 25 614 ’
66 596 181 635 benda
210 608 281 633 est.-

133 666 219 714 Pag.
242 676 317 710 251.
351 680 388 703 v.
411 674 468 712 15.
514 677 578 704 aut
599 668 648 704 ad
668 668 900 715 cupiditatem
931 687 977 695 —
1025 666 1149 704 Guelf.
1172 668 1219 704 Β.
1249 675 1316 704 aut

655 723 664 740 ι

16 783 17 786 ¹
67 729 310 782 cupiditatem.

510 853 540 888 c
555 866 574 887 a
584 865 623 901 p.
656 853 877 888 Lxxxm.

133 944 220 990 Pag.
240 950 318 986 251.
352 956 391 980 v.
414 949 466 988 18.
515 947 599 991 quia
618 946 776 980 manc-ima
802 945 906 992 quasi
926 944 1061 980 oratori
1080 961 1126 971 --
1172 942 1246 978 Gu.
1266 941 1313 978 A.

65 1025 173 1058 quam
190 1014 350 1048 maxima
370 1015 474 1060 quasi
493 1015 656 1049 oratoris.

131 1082 217 1127 Pag.
238 1089 316 1123 251.
349 1093 387 1116 v.
409 1093 461 1129 ¹9·
517 1084 662 1122 concio,
697 1083 881 1118 concionis
918 1090 1047 1116 natura
1081 1098 1127 1106 —-
1181 1078 1310 1114 Guelf.

65 1148 109 1183 C.
130 1152 268 1185 conctio
287 1149 304 1193 (
316 1149 395 1194 sic)
419 1152 456 1184 in
477 1149 532 1185 his
551 1160 689 1187 natura.
737 1149 820 1185 Alii
841 1150 990 1187 codices
1015 1148 1201 1185 omittunt
1229 1161 1314 1184 con·

63 1218 142 1258 cio,
176 1216 244 1253 alii
276 1219 462 1255 concionis.
517 1219 691 1255 Pearcius
721 1232 810 1254 eum
840 1218 979 1254 Aldina
1013 1218 1138 1254 tenuit
1165 1218 1313 1256 concio,‘

63 1286 218 1322 Ernesti
253 1299 301 1322 ex
339 1287 422 1322 edd.
466 1300 523 1335 pr.
564 1298 601 1322 et
637 1289 712 1323 Με.
749 1290 794 1323 E.
829 1288 977 1335 recepit
1003 1288 1197 1322 concionis.
1262 1286 1314 1320 At

64 1364 273 1403 utrumque
313 1356 542 1391 servandum
569 1368 648 1391 esse
678 1356 774 1392 bene
811 1355 1005 1392 intellexit
1034 1355 1310 1403 Heusingerue‚

63 1435 181 1471 quem
198 1423 289 1458 vide
309 1423 357 1458 ad
378 1424 459 1460 Cic.
481 1424 547 1460 off.
570 1426 641 1459 III.
659 1425 692 1460 6.
712 1432 747 1469 8.

130 1493 218 1539 Pag.
239 1501 316 1536 251.
350 1505 388 1528 v.
409 1503 467 1529 2ο.
514 1495 689 1528 excitetur
710 1513 756 1522 -·
803 1492 929 1528 Guelf.
948 1495 993 1529 A.
1019 1493 1222 1528 excitemur.

131 1562 217 1608 Pag.
240 1570 317 1604 251.
350 1575 387 1598 v.
409 1572 465 1599 21.
510 1564 584 1598 vim
603 1562 795 1609 ”quandam
821 1562 926 1597 talem
958 1580 1003 1588 --
1060 1560 1177 1597 Abest
1206 1559 1313 1597 talem

65 1627 256 1665 Guelf.‘B.

133 1699 219 1744 Pag.
240 1707 319 1741 231.
353 1711 391 1734 v.
411 1708 468 1734 22.
514 1701 586 1737 nisi
609 1700 836 1735 multitudine
864 1699 1031 1735 audiente
1060 1718 1106 1727 -
1153 1699 1216 1734 Sic
1236 1698 1311 1734 Gu.

12 1811 13 1815 Ἰ
63 1767 107 1802 Β.
130 1767 172 1803 C.
195 1766 335 1802 melius
353 1766 514 1814 vulgato
543 1771 619 1803 sine
643 1769 869 1804 multitudine
896 1769 1073 1804 audiente.

131 1837 221 1883 Pag.
243 1844 321 1878 231.
356 1849 395 1871 v.
416 1846 473 1880 25.
521 1851 593 1874 non
611 1840 723 1884 possit
745 1858 790 1867 —
837 1837 962 1873 Guelf.
980 1838 1024 1872 B.
1047 1850 1119 1873 non
1138 1846 1266 1882 potest.

132 1905 219 1952 Pag.
238 1914 319 1948 251.
351 1919 389 1942 v.
410 1913 467 1949 25.
517 1908 693 1942 orationis
722 1926 767 1934 —
814 1906 1007 1953 Quaedam
1038 1905 1120 1942 edd.
1146 1907 1314 1943 oratoris.

131 1973 219 2020 Pag.
243 1982 320 2017 251.
357 1988 393 2011 v.
412 1984 470 2019 27.
516 1977 548 2011 si
577 1988 721 2023 quoquo
750 1977 864 2011 animi
892 1976 986 2011 vitio
1019 1993 1065 2002 —
1111 1974 1237 2011 Guelf.
1265 1976 1312 2012 A.

0 2047 3 2058 '
64 2042 95 2076 si
113 2054 189 2076 cum
205 2044 318 2078 animi
338 2045 442 2082 vitio.

133 2112 220 2158 Pag.
239 2120 315 2155 252.
350 2125 388 2149 v.
409 2122 442 2149 2.
488 2114 555 2149 His
578 2122 734 2159 quatuor
761 2131 808 2141 --
854 2112 916 2149 Sic
945 2112 1073 2150 Guelf.
1102 2114 1147 2150 A.
1193 2111 1310 2163 Vulg-

0 2177 2 2185 ’
64 2179 197 2227 Hisque
216 2190 378 2226 quatuor.

132 2250 219 2298 Pag.
236 2258 314 2294 252.
348 2263 386 2286 v.
404 2254 442 2297 4.
487 2251 690 2289 admonitio
707 2272 751 2283 —
791 2251 968 2289 Lambin.
990 2254 1150 2290 monitio.
