1586 2618
1008 31 1012 45 Ι

291 153 375 190 DE
421 150 733 189 ORATORE
776 134 1069 196 L113.111.24.
1223 160 1308 200 525

135 281 220 328 Pag.
250 285 330 324 283.
362 291 400 315 v.
433 291 487 314 n.
532 290 623 324 quos
650 289 716 325 ego
746 277 876 312 Censor
905 275 1021 311 edicto
1055 287 1130 311 meo
1162 274 1307 310 sustule-

67 362 142 385 ram
172 367 216 375 —
261 349 334 383 Iac.
353 348 458 382 Frid.
478 346 758 394 Heushgaus,
792 354 883 380 teste
906 344 988 379 eius
1010 343 1099 379 filio
1122 342 1164 377 in
1189 343 1306 390 praef.

67 417 115 452 ad
139 417 219 453 Cic.
245 416 310 452 off.
335 429 372 465 p.
390 417 474 451 LX.
503 415 708 452 sustuleram
731 412 896 461 enallage
930 410 1112 461 temporis
1137 423 1209 458 pro
1234 423 1306 446 sus-

67 485 136 521 tuh·
157 484 326 534 positum
352 496 430 519 esse
454 483 620 532 putabat.
674 485 726 518 At
759 481 861 517 enim
888 480 1306 530 plusquamperfectum

65 553 132 589 hic
164 553 248 590 vim
284 565 391 588 suam
425 562 576 592 tuetur,
608 551 642 587 si
666 552 842 587 Crassum
874 549 982 597 quasi
1015 549 1189 585 dubitare
1221 561 1306 584 cen·

66 634 166 663 aean,
205 635 252 657 an
274 622 444 657 edictum
468 633 604 661 suum,
639 632 715 668 quo
747 618 908 655 Latinos
941 617 1114 653 rhetores
1147 617 1306 653 sustule-

66 701 144 731 rat,
179 690 294 726 etiam
317 690 359 725 in
380 700 575 736 posterum
610 688 691 725 vim
717 697 753 723 et
777 687 952 722 effectum
985 686 1208 722 habiturum
1244 686 1306 721 sit.

67 761 122 794 Ac
147 757 322 807 profecto
356 758 482 794 statim
514 767 601 804 post
636 756 718 792 eius
748 768 946 791 censuram
980 753 1130 790 scholae
1152 753 1308 789 Latino·

64 841 152 863 rum
184 826 382 862 rhetorum
415 826 536 874 magis
572 825 684 860 etiam
710 837 825 873 quam
849 833 956 858 antea
980 822 1180 858 celebratae
1207 830 1306 857 sunt.

66 896 235 944 Respicit
255 896 294 931 h.
307 896 332 931 l.
353 905 484 931 auctor
502 893 589 929 dial.
612 893 656 928 de
675 892 797 928 causis
818 904 916 928 corr.
939 891 1065 939 eloqu.
1091 903 1121 926 c.
1142 897 1200 935 35.
1229 891 1307 930 „At

64 977 167 1000 nunc
198 963 474 999 adolescentuli
504 961 628 998 nostri
660 962 900 997 deducuntur
931 960 974 995 in
1000 945 1128 996 'scenas
1162 958 1306 995 schola-

62 1034 270 1072 sticorum,
302 1033 371 1080 qui
391 1032 564 1067 rhetores
586 1040 792 1070 vocantur,
828 1034 925 1078 quos
949 1027 1064 1077 paulo
1089 1038 1174 1064 ante
1198 1028 1306 1064 Cice·

65 1102 172 1138 ronis
205 1112 373 1150 tempora
408 1100 617 1139 exstitisse,
659 1111 729 1134 nec
762 1097 949 1146 placuisse
990 1096 1204 1133 maioribus
1236 1109 1305 1132 no-

64 1170 166 1210 stris,
191 1182 238 1205 ex
261 1182 304 1205 eo
329 1168 574 1203 manifestum
600 1177 678 1207 est,
702 1166 806 1214 quod
831 1167 877 1202 L.
896 1166 1034 1201 Crasso
1060 1176 1096 1200 et
1119 1164 1304 1200 Domitio

62 1237 282 1275 censoribus
323 1236 496 1278 cludere,
540 1246 584 1271 ut
614 1235 668 1270 ait
702 1235 860 1275 Cicero,
902 1234 1024 1268 ludum
1067 1233 1307 1280 impudentiae

62 1306 161 1342 iussi
185 1311 312 1340 sunt.“
355 1304 486 1340 Edicti
509 1314 635 1339 autem
661 1302 777 1338 huius
801 1301 1010 1337 formulam
1033 1302 1199 1339 servavit
1219 1300 1304 1338 Gel-

63 1373 140 1409 lius
165 1374 213 1410 N.
236 1374 279 1408 A.
305 1373 391 1410 XV.
417 1387 470 1408 11.

130 1444 217 1490 Pag.
237 1448 315 1485 235.
351 1453 390 1476 v.
414 1446 466 1484 14.
503 1439 700 1475 cuiusmodi
721 1446 833 1474 essent
854 1457 900 1464 —
935 1437 1058 1474 Guelf.
1071 1439 1114 1473 B.
1142 1439 1204 1485 qui
1226 1450 1305 1473 cum

63 1510 262 1547 huiusmodi
283 1519 406 1545 essent.
453 1509 497 1544 C.
523 1510 585 1555 qni
607 1507 802 1543 cuiusmodi
824 1516 947 1542 essent.
991 1506 1141 1545 Victor.
1165 1505 1220 1542 uic
1242 1505 1303 1540 in·

62 1578 280 1628 terpungit:
318 1577 416 1624 apud
447 1578 626 1616 Graecos,
660 1577 723 1623 qui
758 1575 953 1611 cuiusmodi
985 1584 1097 1610 essene
1128 1574 1302 1614 videbam.

65 1659 194 1684 tamen.
241 1647 414 1682 Pearcius
438 1656 526 1694 pont
551 1646 696 1680 Manat.
723 1654 760 1680 et
781 1643 960 1679 Lambin.
978 1642 1151 1692 reposuit
1174 1644 1303 1678 cuicui-

61 1717 161 1753 modi
182 1725 304 1752 essent.
350 1715 507 1750 Ernesti
532 1713 651 1754 male,
685 1714 747 1758 qui
780 1712 951 1748 eiusmodi
983 1720 1106 1746 essent.
1161 1711 1304 1750 Verum

66 1796 122 1821 est
142 1785 337 1820 cuiusmodi
359 1793 489 1823 essent,
513 1781 552 1818 h.
576 1794 606 1818 e.
631 1781 909 1830 qualescunque
933 1789 1054 1815 essent
1077 1778 1214 1815 Graeci
1236 1778 1302 1814 do-

67 1865 212 1894 ctores,
246 1866 274 1889 s.
301 1851 478 1901 quamvis
509 1850 581 1885 alia
613 1860 755 1889 essent,
795 1861 891 1896 quae
912 1848 956 1884 in
978 1848 1028 1883 iis
1053 1846 1304 1883 desideraren-

64 1932 148 1962 tur,
179 1931 304 1957 tamen
326 1931 404 1956 erat
426 1920 467 1954 in
490 1919 540 1954 iis
565 1918 737 1954 doctrina
761 1928 797 1954 et
818 1916 1044 1967 htuueqitas.

133 1990 220 2037 Pag.
242 1995 320 2034 283.
353 2001 390 2025 v.
418 1987 471 2024 16.
493 1997 547 2032 ¹7·
602 1987 859 2022 humanitatem
899 1984 1048 2034 dignam
1077 1984 1226 2020 scientia
1257 2002 1303 2014 —

62 2059 215 2094 Frustra
247 2056 459 2092 Lambinus
492 2054 760 2104 corrigendum
795 2052 1042 2102 opinabatur:
1083 2051 1305 2088 humanitate

62 2127 210 2174 dignam
232 2127 423 2162 scienciam.
469 2125 573 2161 Nam
594 2125 741 2159 scientia
763 2122 841 2157 iam
864 2121 992 2158 verbis
1016 2120 1214 2156 doctrinam
1237 2119 1305 2154 ali·

63 2209 169 2241 quam
208 2192 618 2243 comprehendebatun
668 2202 710 2228 ut
751 2191 895 2227 iterum
934 2187 1180 2225 memoranda
1222 2199 1302 2222 non
