1566 2618
295 189 380 258 bE
429 218 735 258 ORATOHE
776 221 895 257 LIB.
930 221 1001 256 111.
1029 226 1085 266 58.
1232 229 1318 273 547

65 359 303 394 »πομπαῖος
327 362 375 384 ne
409 349 686 385 zxpncwcm'noe
721 347 877 396 quidem
902 347 1136 388 timuerunt,
1159 356 1207 383 *et
1230 341 1318 384 san'e

60 419 239 456 ‘eiusdem
263 428 374 455 notae
399 429 454 454 est
478 424 746 457 EXANHva‘r‘S
771 417 908 466 ibique
920 417 1092 452 Peareiuu
1109 419 1318 454 exanimato

67 487 283 536 legendmn··
311 499 447 524 censet.
506 490 589 537 Ipse
617 486 725 522 enim'
746 486 1012 534 Quintilianus
1045 485 1091 521 ad
1114 485 1218 521 huno
1239 488 1317 521 'En-

66 558 127 593 nii
153 557 392 594 versiculum
415 557 624 605 respexisse
653 555 818 592 videtur.
875 556 1057 591 Ceterum¹
1087 554 1154 590 hic
1185 567 1319 591 versus

67 640 117 664 ex
141 627 263 662 Ennii
289 627 517 662 Alcmaeone
542 626 642 661 infra
669 625 853 673 repetitur
884 638 916 660 c.
936 631 1007 668 58„

127 698 222 745 Paga
240 705 323 741 505.
357 709 396 732 v.
416 705 452 739 5.
501 696 597 731 Num
620 708 693 731 non
716 697 771 731 vis
801 713 846 721 -
892 693 1022 729 Guelf.
1057 693 1100 729 C.
1132 694 1229 730 Num
1261 707 1320 730 ve·

68 778 110 802 ro
133 767 200 801 vis.

141 836 226 882 Pag.
246 840 326 878 505.
364 847 403 869 v.
423 841 459 877 5.
509 846 580 868 non
605 834 730 880 nativa
753 852 799 858 -
833 833 895 868 Sic
914 831 1205 867 rescribendum
1227 830 1322 866 duxi

70 915 143 952 pro
178 903 283 950 vulg.
321 917 390 939 non
426 912 529 938 nata.
596 902 676 938 Cic.
713 901 859 937 Pax-titt.
894 913 968 936 orr.
1005 914 1036 936 c.
1061 909 1116 944 51.
1141 900 1325 946 Simplicia

70 973 179 1007 verba
203 974 338 1018 partim
361 973 534 1007 nativa
556 981 658 1012 sunt,
683 973 817 1018 partim
839 980 986 1018 reperta.
1021 969 1085 1005 Sic
1105 976 1142 1004 et
1159 967 1323 1018 Quihtss7

71 1041 178 1080 VIII.
204 1047 237 1085 8,
257 1040 313 1085 36.

144 1112 229 1157 Pag.
250 1116 328 1152 305.
363 1121 398 1144 v-
422 1108 455 1144 6.
502 1109 559 1145 vel
589 1122 693 1155 saepe
725 1110 802 1143 sine
836 1109 1087 1143 coniunctione
1114 1128 1162 1136 -
1190 1127 1192 1133 ν
1222 1109 1326 1154 Quae

71 1178 139 1214 hie
163 1178 284 1226 vulgo
310 1187 582 1214 annectuntur:
606 1177 713 1214 verba
736 1187 935 1217 novantur,
971 1178 1049 1212 iam
1073 1176 1120 1212 ab
1145 1176 1325 1212 Ernestio

54 1247 185 1294 juncis
208 1246 378 1288 inelusa,
413 1259 433 1282 e
457 1256 564 1282 textu
597 1245 903 1294 circumscripsi3
943 1257 1034 1282 sunt
1057 1246 1161 1281 enim
1185 1244 1327 1295 procul

75 1317 196 1367 dubio
223 1317 364 1365 spuria.

143 1388 230 1434 Pag.
250 1394 331 1430 505.
365 1397 403 1420 v.
423 1394 458 1428 7.
506 1384 687 1419 baccarum
725 1385 882 1419 ubertate
915 1387 1141 1432 inturgescere
1172 1402 1216 1411 —
1264 1384 1327 1420 sie

75 1454 203 1492 Guelf.
225 1455 268 1490 C.
294 1453 419 1500 quod,
445 1463 489 1488 ut
513 1452 761 1500 exquisitius,
794 1453 923 1501 recepi
945 1466 1015 1502 pro
1038 1451 1148 1499 vulg.
1177 1454 1330 1488 incurve-

74 1537 190 1565 scere3
214 1523 282 1559 etsi
310 1523 414 1557 idem
440 1522 611 1557 occurrit
644 1522 756 1556 Tusc.
793 1523 865 1567 Qu.
896 1522 925 1556 Ι.
948 1527 1005 1565 28.
1032 1520 1328 1573 =Heusiugerus,

77 1593 143 1628 eui
170 1595 398 1639 inturgescere
421 1591 606 1640 placuisse
640 1590 818 1630 videaur,
852 1588 1089 1639 comparavit
1115 1587 1234 1625 ovid.
1258 1589 1325 1625 Tr.

77 1663 148 1696 111.
174 1671 228 1700 12,
255 1667 307 1704 15.
332 1660 401 1695 ubi
425 1659 511 1700 ille,
535 1661 720 1708 turgescit,
745 1659 891 1708 inquit,
919 1661 956 1693 ἑη
983 1658 1108 1694 arbore
1133 1670 1262 1694 ramus.

147 1733 235 1778 Pag.
255 1738 338 1773 505.
371 1742 409 1764 v.
438 1742 490 1764 10.
539 1728 725 1764 celebravit
760 1749 802 1756 —
848 1728 874 1764 i.
898 1741 928 1763 e.
958 1727 1198 1774 frequentius
1224 1737 1330 1762 usur·

78 1799 210 1848 pavit3
247 1808 291 1834 ut
324 1798 428 1833 enim
462 1797 529 1832 hic
558 1799 682 1844 genuit
707 1807 746 1832 et
766 1797 973 1836 celebravit,
1014 1796 1068 1832 sic
1099 1795 1215 1844 paulo
1239 1806 1331 1844 post

79 1877 335 1917 opponuntur
359 1869 526 1902 inssvtituta
548 1886 594 1894 -
610 1865 858 1914 frequentata.

148 1938 234 1985 Pag.
257 1943 335 1981 505.
371 1949 410 1972 v.
433 1950 487 1971 11.
533 1936 694 1972 adhiberi
717 1954 761 1961 -
810 1932 934 1970 Guelf.
957 1935 1002 1970 Β.
1026 1933 1160 1969 haberi.

148 2006 235 2052 Pag.
257 2012 337 2049 505.
369 2018 407 2041 v.
435 2012 487 2049 15.
544 2005 662 2040 laetas
695 2016 765 2039 esse
796 2012 926 2050 segetes
958 2022 1004 2030 —
1065 2001 1195 2050 Vulgo
1213 2000 1334 2038 ‚abest

79 2086 171 2112 esse,
198 2073 304 2120 quod
338 2083 492 2109 auctore
517 2073 672 2108 Pearcio
703 2072 956 2120 repetendum
990 2071 1086 2107 duxi
1097 2083 1108 2112 ;
1145 2070 1203 2108 sic
1224 2070 1332 2107 enim

81 2140 140 2177 'est
162 2141 267 2176 Orat.
292 2147 350 2184 24.
377 2142 492 2177 laetas
515 2155 587 2178 esse
609 2151 750 2189 segetes.

150 2212 238 2258 page
256 2218 335 2254 305.
369 2223 407 2246 v.
432 2221 486 2257 19.
536 2224 644 2257 quam
663 2211 783 2246 alieno
803 2209 909 2246 verbo
927 2210 1156 2256 exposuimus
1172 2227 1214 2235 —
1239 2206 1334 2245 Vul-

83 2291 134 2326 go
158 2283 358 2325 posuimus,
395 2278 499 2328 quod
532 2291 653 2328 quum
686 2279 725 2315 h.
749 2278 774 2315 l.
799 2278 929 2315 minus
963 2289 1093 2328 aptum
1125 2278 1197 2319 sit,
1231 2277 1333 2312 haud
