1586 2618
329 209 410 255 m:
447 213 745 255 'ORATORE
789 216 905 252 Lm.
937 215 987 251 11.
1019 213 1075 250 66.
1236 223 1316 263 235

81 349 120 385 h.
139 347 166 384 l.
195 359 314 397 quum
337 345 466 382 Titius
491 357 530 380 se
551 343 794 380 Cassandram
816 354 894 378 esse
914 340 1070 377 dixisset
1078 366 1089 385 2
1117 341 1179 387 (h.
1198 354 1228 376 e.
1253 353 1319 375 va-

83 425 176 458 tem,
198 417 289 465 qni,
312 426 357 451 ut
374 415 461 453 illa,
493 427 590 450 vera
604 411 860 461 ,praedicendo
892 423 1082 458 nusquam
1111 409 1230 445 fidem
1258 409 1318 445 in-

83 485 256 531 veniret)
287 483 374 521 satis
395 483 591 532 perspicua
614 494 717 517 mens
735 490 813 516 erat
835 479 1014 519 Antonii,
1040 491 1128 514 cum
1157 478 1320 514 diceret:

83 555 232 591 Multos
249 567 390 600 possum
411 563 491 589 tuos
513 553 641 588 Aiaces
658 553 857 590 nominare,
892 549 930 586 h.
953 561 983 584 e.
1018 548 1084 596 qui
1112 535 1188 583 tibi
1209 546 1322 596 pudi-

84 623 213 659 citiam
234 621 454 671 eripuerint.
491 622 619 657 Oileos
636 620 756 667 igitur
776 633 795 656 e
818 617 941 667 glossa
962 617 1132 653 additum
1153 615 1323 652 videtur.

83 691 294 741 Abruptius
325 701 446 726 autem
477 688 662 738 loquutus
688 698 781 725 esset
814 687 1024 726 Antonius,
1069 685 1104 721 si
1131 684 1239 720 Titio
1268 683 1324 720 di-

84 761 204 797 centi:
260 762 354 796 Sane
387 772 454 806 ego
499 758 692 794 Cassandra
727 771 823 796 sum,
858 755 1136 804 respondisset:
1179 752 1325 789 Multos

83 843 224 878 possum
262 838 340 863 tuos
383 829 510 864 Aiaces
558 828 754 863 nominare.
821 827 951 874 Itaque
988 823 1176 874 excidisse
1217 821 1324 858 vide·

21 915 27 919 *
84 909 148 934 tur
170 897 356 946 particula
382 898 437 932 Ac
464 896 528 933 vel
554 897 600 931 Et
627 906 711 931 ante
737 895 873 930 multos.

151 970 238 1015 Pag.
259 966 337 1002 206.
369 978 407 1000 v.
429 975 485 1012 29.
522 967 559 999 in
582 974 702 1000 ventre
725 982 768 990 -
815 960 940 998 Guelf.
958 962 1000 996 Β.
1025 961 1068 996 C.
1103 961 1140 994 in
1159 968 1324 996 ventrem.

84 1037 301 1084 Utrumque
333 1033 487 1070 defendi
516 1042 652 1081 potest.
719 1030 828 1066 Prius
858 1040 983 1065 tamen
1024 1042 1112 1066 cum
1141 1027 1324 1064 Ernestio

84 1104 354 1154 praetulimus,
381 1113 424 1138 ut
445 1101 484 1137 li.
508 1100 533 1136 l.
564 1100 819 1149 aptissimum.
1175 1148 1178 1150 Ι

153 1175 239 1221 Pag.
261 1181 337 1215 207.
370 1184 410 1207 v.
436 1185 464 1206 1.
501 1179 540 1206 ut
564 1171 622 1205 ille
643 1170 706 1205 M.
734 1170 850 1204 Cicero
878 1179 984 1202 senex
1006 1186 1052 1196 —
1098 1165 1187 1203 Sine
1216 1177 1325 1200 causa

85 1241 249 1277 Ursinus
278 1239 483 1288 legendum
513 1237 670 1288 putabat
694 1237 757 1273 Μ
785 1237 875 1272 Cato
905 1249 1023 1271 senex.
1090 1234 1326 1282 Designatur

30 1346 34 1350 ,
86 1321 212 1347 autem
235 1308 434 1347 Ciceronis
455 1307 618 1344 oratoris
639 1316 676 1341 et
696 1304 905 1340 consularia
926 1317 1038 1344 avus,
1064 1314 1101 1338 et
1128 1303 1230 1338 huius
1256 1302 1330 1338 viri

88 1380 220 1426 optimi
236 1378 401 1427 pertinet
424 1377 470 1412 ad
491 1376 661 1412 eiusdem
682 1384 850 1422 patrem:
886 1372 989 1422 quod
1010 1371 1184 1408 Pearcius
1214 1370 1328 1409 vidit,

90 1460 211 1497 quum
241 1445 443 1482 nonnullis
475 1444 570 1480 falso
602 1444 664 1478 Μ.
685 1444 800 1478 Cicero
828 1455 936 1477 senex
959 1440 1154 1477 videretur
1173 1440 1328 1476 Cicero-

88 1515 149 1552 nis
170 1515 294 1552 nostri
324 1525 470 1562 patrem
500 1511 732 1561 significare.
803 1509 905 1545 Male
930 1519 1058 1545 autem
1090 1508 1186 1544 olim
1218 1519 1332 1556 quae·

90 1585 176 1620 dam
201 1583 280 1620 edd.
305 1593 345 1619 ut
372 1583 472 1619 illud.

159 1655 243 1700 Pag.
264 1662 345 1695 207.
368 1665 407 1687 v.
428 1661 461 1695 5.
497 1652 668 1699 Syrorum
685 1648 864 1686 venalium
884 1668 930 1677 —
967 1645 1235 1688 „Venalitiarii
1254 1658 1331 1683 ma-

92 1735 203 1772 gnam
230 1721 312 1756 vim
341 1732 541 1756 servorum
579 1721 763 1766 Syrorum
793 1716 1040 1754 advehebant.
1102 1715 1205 1750 Hinc
1232 1713 1332 1749 illud

92 1786 314 1827 Ciceronis:
351 1789 464 1824 Nemo
487 1789 652 1834 queritur,
675 1789 800 1835 Syrum
824 1787 941 1822 nescio
963 1799 1063 1830 quem
1086 1785 1128 1819 de
1145 1797 1249 1832 grege
1267 1796 1332 1817 no-

93 1861 263 1895 vitiorum
289 1857 431 1905 factum
468 1869 538 1891 esse
573 1856 756 1892 consulem.
814 1855 916 1891 Nam
956 1854 1161 1902 praedones
1193 1851 1348 1888 Cilices.

96 1939 201 1962 oram
226 1927 355 1974 Syriae
375 1925 551 1962 infestam
573 1923 770 1963 habebant,
796 1933 832 1958 et
858 1922 1012 1970 praedas
1032 1919 1141 1957 illinc
1163 1919 1333 1969 agebant,

95 2006 276 2045 captaque
295 2006 456 2042 corpora
474 1992 621 2028 Delum
641 1991 890 2040 deportabant
908 1990 953 2026 ad
974 1999 1179 2026 mercatum
1191 2015 1200 2029 ‚
1234 1990 1336 2025 unde

95 2063 264 2100 Romani
295 2062 476 2098 emebant.
524 2061 601 2108 Qui
628 2071 755 2096 autem
782 2059 869 2107 Syri
905 2058 1052 2106 optime
1082 2057 1335 2106 loquebantur

98 2133 259 2172 Graece,
293 2132 362 2166 diu
389 2131 595 2167 servierant
624 2131 667 2164 in
686 2128 855 2169 Graecia,
881 2137 1185 2176 veterator-esque
1213 2137 1251 2162 et
1271 2139 1334 2161 ne-

100 2214 214 2248 quam
246 2209 456 2239 evaserant.
482 2211 552 2234 nec
581 2197 727 2235 novitii
760 2207 887 2238 erant3
930 2196 996 2232 scd
1027 2196 1130 2245 quod
1157 2194 1335 2231 servituti

101 2268 319 2309 diuturnae,
355 2280 448 2315 quae
475 2266 675 2315 improbos
710 2277 746 2302 et
773 2265 931 2303 candos
959 2265 1107 2304 reddit,
1132 2263 1338 2300 attribuen-
