1586 2618
274 215 358 251 DE
393 208 707 251 ORATORE‘
743 213 861 249 LIB.
883 214 933 248 11.
966 219 1024 259 55.
1206 223 1288 264 205

5 382 13 390 ,q
103 345 192 392 Pag.
206 348 289 391 189.
312 354 350 379 v.
372 350 428 386 27.
462 341 699 379 huiuscemodi
733 361 779 370 —
823 340 943 377 Abest
965 337 1146 378 Guelf.A,.
1170 338 1288 375 huius·

4 394 11 447 3
44 413 143 450 modi
166 411 292 448 caus.
311 413 355 447 B.
925 410 929 415 ·

6 487 9 491 ’
110 484 198 531 Pag.
212 488 288 530 189.
312 486 419 526 v.28.
461 480 522 516 sod
553 494 626 517 non
649 482 764 516 minus
787 481 941 516 iucunda
966 479 1030 515 illa
1051 487 1223 527 perpetua
1244 497 1290 507 —

9 551 11 554 ’
44 550 170 591 Guelf.
190 553 235 587 B.
257 551 299 586 C.
336 564 409 587 non
434 552 548 586 minus
574 551 639 586 illa
666 550 815 586 iucunda
837 565 876 598 p.
922 547 1051 585 Guelf.
1067 549 1113 584 A.
1137 547 1196 583 sed
1214 559 1291 582 non

44 621 163 656 minus
188 620 341 655 iucunda
365 620 431 656 illa
452 634 489 664 p.
537 619 653 669 Vulg.
682 620 857 655 ordinem
882 628 1032 656 servant
1054 616 1169 653 multi
1193 618 1290 652 Mss.

7 684 13 732 ¹,
46 700 145 738 quos
170 689 342 725 Pearcius
366 689 566 730 adhibuit,
603 700 649 725 et.
673 689 771 725 Edd.
797 689 892 728 Ven.
920 688 1022 724 Med.
1048 686 1176 735 Steph.

17 747 22 774 ³·
116 760 204 807 Pag.
216 765 292 806 ¹39·
315 771 354 795 v.
368 769 414 806 29
434 771 516 807 sqq.
556 759 676 810 Quum
695 760 788 794 enim
807 759 937 793 Brutus
954 758 1045 792 duos
1061 757 1210 794 lectores
1228 764 1292 790 ese-

28 814 188 881 ,Jeieassee
214 848 262 855 --
308 828 409 863 Cum
449 826 523 863 hoc
554 826 641 864 loco
671 827 972 875 comparandum
1003 835 1059 861 est
1084 826 1193 860 Orat.
1219 834 1292 873 pro

46 895 229 933 Cluentio
264 909 295 931 c.
317 905 371 940 51.
407 897 511 945 quod
537 896 627 945 quia
653 896 766 931 illum
807 895 959 944 egregie
994 893 1182 933 illustrat,
1215 892 1293 928 huc

16 951 17 954 Ἴ
45 964 314 1002 transscribere
332 965 475 1013 placet:
509 968 622 1013 „Ego
644 966 854 1001 vero—L.
874 963 1002 1000 Crassi
1026 962 1293 999 auctoritatem

47 1047 207 1084 sequor,
245 1034 314 1082 qui
346 1047 468 1082 quum
502 1035 548 1070 L.
582 1033 779 1070 Plancium
813 1033 1049 1072 defenderet,
1095 1040 1293 1067 accusante

10 1142 15 1150 ‚
47 1105 104 1139 M.
115 1105 249 1143 Bruto,
275 1103 434 1138 homine
456 1103 675 1139 indicendo
698 1103 920 1140 vehementi
943 1112 980 1138 et
1005 1100 1142 1141 calido,
1170 1112 1293 1148 quum

45 1173 211 1212 Brutus,
239 1172 388 1208 duobus
410 1172 680 1210 recitatoribus
706 1172 946 1212 constitutis,
973 1184 1020 1207 ex
1043 1170 1189 1206 duabus
1210 1169 1293 1204 eius

48 1241 287 1276 orationibus
311 1241 434 1288 capita
458 1240 620 1279 alterna,
657 1241 758 1275 inter
790 1253 828 1276 se
855 1239 1067 1280 contraria,
1101 1238 1296 1274 recitanda

16 1296 23 1313 ³
46 1318 232 1348 curasset,
264 1307 369 1357 quod
392 1307 434 1342 in
458 1307 695 1343 dissuasione
717 1308 928 1356 rogationis
955 1309 1059 1349 eius,
1090 1320 1186 1356 quae
1205 1319 1296 1343 con-

16 1393 17 1396 *
47 1389 105 1415 tra
136 1376 331 1413 coloniam
364 1375 655 1412 Narbonensem
688 1376 897 1417 ferebatur,
938 1386 1126 1425 quantum
1157 1386 1296 1423 potest,

49 1447 96 1484 de
121 1445 345 1482 auctoritate
369 1453 518 1501 senatus
542 1445 728 1485 detrahm
764 1445 808 1480 in
836 1445 1012 1480 suasione
1043 1443 1140 1499 legis
1172 1445 1298 1481 Servi-

47 1514 124 1551 liae
149 1514 309 1551 summis
334 1523 446 1550 ornat
469 1524 640 1550 senatum
663 1513 865 1554 laudibus;
892 1524 929 1550 et
960 1513 1081 1550 multa
1113 1513 1157 1548 in
1190 1513 1297 1562 equi-

17 1577 21 1610 Ᾰ
50 1596 107 1622 tes
139 1586 334 1620 Romanos
370 1596 490 1632 quum
527 1595 574 1617 ex
607 1596 649 1618 ea
683 1583 856 1618 oratione
891 1583 1058 1631 asperius
1083 1582 1184 1619 dicta
1205 1581 1300 1616 reci-‘-

18 1639 24 1649 ¹'
51 1662 181 1692 asset,
217 1664 294 1699 quo
319 1650 441 1687 animi
464 1651 626 1687 illorum
649 1651 823 1688 iudicum
849 1652 892 1687 in
916 1653 1096 1688 Crassum
1119 1650 1298 1686 incende-

18 1751 19 1755 ,
50 1731 206 1762 rentur;
241 1719 479 1767 aliquantum
505 1733 584 1756 esse
605 1731 821 1757 commotus
844 1721 998 1756 dicitur.
1025 1723 1158 1769 Itaque
1179 1719 1221 1754 in
1240 1731 1298 1754 re-

50 1789 274 1839 spondendo
307 1788 476 1837 primum
509 1791 689 1838 exposuit
713 1790 915 1838 utriusque
940 1789 1132 1824 rationem
1156 1798 1300 1836 tempo-

50 1859 128 1899 ris,
159 1869 203 1894 ut
236 1859 359 1895 oratio
393 1871 440 1894 ex
472 1872 514 1894 re
548 1869 585 1895 et
609 1871 716 1895 causa
742 1858 868 1894 habita
893 1858 1111 1898 videretur;
1162 1857 1300 1894 deinde

52 1937 98 1962 ut
120 1925 336 1974 intelligere
360 1939 487 1976 posset
509 1929 670 1968 Brutus,
697 1941 810 1976 quem
831 1927 1054 1966 hominem,
1082 1937 1120 1963 et
1143 1939 1223 1962 non
1243 1938 1302 1962 so-

21 1995 23 1998 ’
52 1995 139 2031 lum
173 2008 247 2043 qua
279 1995 521 2044 eloquentia,
546 2009 682 2034 verum
705 1997 819 2032 etiam
847 2009 922 2044 quo
947 1995 1076 2044 lepore
1099 2006 1136 2032 et
1159 1995 1301 2044 quibus

20 2038 31 2109 i
52 2062 204 2101 facetiis
232 2066 447 2113 praeditum
470 2065 698 2107 lacessisset,
723 2075 799 2100 tres
827 2074 865 2099 et
893 2064 975 2112 ipse
1007 2064 1188 2100 excitavit
1205 2065 1302 2100 reci·

25 2136 195 2169 vutores
238 2145 325 2169 cum
369 2133 532 2182 singulis
570 2132 737 2174 libellis,
782 2145 877 2181 quos
905 2133 958 2169 M.
990 2135 1155 2174 Brutus,
1194 2143 1303 2181 pater

52 2199 166 2238 illius
194 2203 434 2242 accusatoris,
469 2203 515 2238 de
546 2203 631 2239 iure
654 2203 765 2238 civili
795 2202 966 2251 reliquit.
1020 2203 1167 2238 Eorum
1191 2201 1305 2236 initia

57 2282 179 2318 quum
209 2272 460 2309 recitarentur
501 2284 564 2312 ea,
609 2286 705 2322 quae
735 2272 848 2309 vobis
881 2282 972 2308 nota
1004 2283 1082 2307 esse
1114 2270 1304 2306 arbitror:

795 2416 817 2445 N
