1566 2618
291 208 374 243 DE
423 207 729 244 ORATORE
775 208 891 243 LIB.
916 209 985 242 111.
1012 214 1069 252 42.

1230 220 1314 258 555

71 344 155 375 tux,
179 333 329 369 Ennius
353 332 552 382 pluraliter
581 332 776 382 loquitur,
813 346 879 370 nos
896 347 1012 369 sumus
1029 333 1208 374 Romani,
1241 347 1313 383 pro

70 415 137 450 ego
159 416 235 441 sum
255 403 448 438 Romanus.
495 404 546 437 Et
576 415 662 438 sane
696 403 729 438 si
762 402 913 438 codices
943 402 1182 443 addicerent,
1227 417 1317 439 unus

71 483 159 510 cum
171 471 337 531 A{sarcio
362 470 600 519 praeferrem.
625 472 678 506 Ut
695 483 798 507 nune
823 481 888 511 est,
910 471 1087 507 Ernestio
1114 472 1312 512 assentior,

69 552 151 576 non
183 540 436 576 necessmium
471 553 549 576 esse
582 553 691 580 unus,
735 540 831 589 quia
859 539 962 574 idem
997 550 1129 588 tropus
1161 553 1239 576 non
1273 541 1317 575 in

70 609 247 657 personis
272 608 420 649 solum,
455 608 518 644 sed
549 609 664 644 etiam
686 608 728 646 in
753 608 866 644 rebus
891 608 1067 679 usuffari
1093 608 1226 658 possit.

139 679 227 726 Pag.
246 688 325 722 5¹¹·
360 691 397 713 v.
418 684 451 721 4.
494 676 659 725 favimus
690 696 732 703 -
780 679 835 712 Ita
862 656 1022 729 antiq&
1053 690 1173 718 more
1184 690 1318 726 proso-

73 746 155 781 diae
181 758 291 782 causa
315 746 559 783 scribendum
585 760 663 783 esse
696 746 847 782 monuit
874 745 1057 781 Pearcius.
1106 744 1221 799 fflg
1237 746 1320 794 fui-

75 828 162 850 mus.
210 816 387 851 Ceterum
413 816 552 850 Rudini
573 828 710 851 verum
734 825 810 854 est,
834 827 913 850 non
937 814 1160 864 Rutillinaut
1177 815 1319 856 Rutuli,

73 883 177 932 quod
202 883 314 919 habet
337 884 470 920 Aldus.
518 883 577 920 Cf.
598 884 705 931 Lips.
725 883 856 931 Antiq.
877 883 961 918 lect.
986 884 1033 921 V.
1057 893 1090 918 2.

141 954 228 999 Pag.
246 962 324 995 511.
359 967 396 989 v.
417 963 450 997 7.
498 966 601 1000 saepe
630 954 738 987 etium
768 971 814 981 -—
859 950 985 986 Guelf.
1005 952 1052 988 A.
1076 954 1321 998 etiamvsaepe.

141 1023 229 1069 Pag.
249 1031 327 1065 5¹¹·
363 1035 400 1058 v.
424 1035 476 1058 11.
523 1035 588 1067 pro
615 1033 748 1067 magna
780 1039 826 1047 —-
872 1019 998 1056 Guelf.
1017 1021 1062 1055 A.
1097 1033 1165 1067 pro
1197 1021 1320 1068 longa,

73 1089 190 1138 idque
212 1090 362 1130 verius,
389 1100 430 1126 ut
454 1090 605 1138 opinor.
767 1134 770 1136 ‚

142 1161 228 1207 Pag.
250 1170 291 1204 31
301 1174 329 1194 ι.
363 1172 400 1194 v.
423 1166 478 1203 15.
524 1167 606 1193 sunt
627 1158 801 1194 translata
820 1157 974 1205 quodam
992 1157 1097 1194 modo
1121 1177 1166 1185 -
1201 1159 1319 1197 Nem-

73 1240 121 1277 pe
148 1228 381 1275 metonymia
406 1237 442 1263 et
466 1226 703 1275 synecdoche
726 1239 804 1263 non
836 1237 924 1262 sunt
947 1226 1144 1267 translata,
1181 1236 1224 1261 ut
1244 1238 1322 1261 me-

75 1295 255 1345 taphora,
291 1296 356 1331 sed
389 1306 513 1331 tamen
546 1307 590 1330 eo
625 1295 744 1330 modo
781 1295 975 1335 translata,
1022 1307 1099 1343 quo
1143 1294 1323 1330 dicuntur

74 1365 193 1411 tropi.
243 1367 289 1399 In
312 1363 533 1411 metaphora
566 1362 694 1398 simile
730 1374 799 1410 pro
834 1361 978 1402 simili,
1012 1362 1055 1397 in
1087 1363 1324 1410 metonymia

76 1443 280 1480 cognatum
306 1444 377 1480 pro
406 1441 590 1480 cognate,
626 1431 669 1465 in
690 1429 928 1477 synecdoche
962 1440 1087 1467 toturn
1111 1443 1182 1480 pro
1206 1441 1323 1479 parte,

76 1511 142 1536 aut
165 1513 249 1548 pars
275 1513 346 1548 pro
373 1511 455 1535 toto
479 1499 651 1548 ponitur.
687 1497 798 1534 Conf.
823 1497 930 1534 Orat.
953 1511 985 1534 c.
1010 1507 1067 1542 27.
1095 1499 1201 1548 quod
1220 1499 1324 1535 hune

76 1569 207 1607 locum
230 1568 454 1617 planissime
478 1567 658 1603 illustrat.

144 1640 230 1686 Pag.
252 1648 330 1682 311.
368 1651 404 1672 v.
423 1647 479 1672 21.
525 1637 668 1671 auribus
701 1636 1015 1684 consuetudinique
1044 1636 1258 1683 parcendum
1280 1654 1325 1662 —·

76 1706 173 1742 Edd.
186 1707 281 1744 Ven.
296 1703 459 1740 Mediol.
472 1705 516 1740 al.
537 1705 741 1751 parendum,
762 1703 866 1752 quod
886 1717 964 1741 non
985 1715 1041 1740 est
1060 1703 1238 1740 deterius.
1263 1703 1326 1739 Sic

79 1775 162 1811 Cic.
188 1774 294 1810 Orat.
317 1787 346 1809 c.
363 1780 422 1820 47.
443 1773 688 1810 consuetudini
709 1774 852 1808 auribus
873 1773 1075 1820 indulgenti
1097 1772 1245 1808 libenter
1265 1773 1326 1807 ob-

77 1855 218 1886 sequor.
244 1844 421 1878 Attamen
439 1842 654 1889 parcendum
668 1841 853 1888 praefero,
882 1841 971 1890 quia
988 1841 1208 1889 praecessit:
1234 1840 1329 1890 quod

81 1921 199 1947 tamen
226 1911 439 1947 consuetudo
470 1907 600 1956 ferre
629 1913 752 1955 possit.
813 1910 890 1957 Qui
920 1909 1023 1945 enim
1047 1909 1090 1943 in
1114 1907 1240 1944 verbis
1263 1905 1328 1944 vel

80 1979 217 2028 priscis
262 1978 452 2015 novandis
492 1977 556 2015 vel
598 1979 712 2015 novis
744 1977 930 2014 faciendis
962 1977 1033 2013 hac
1066 1976 1328 2013 moderatione

80 2047 224 2087 utitur,
264 2058 307 2093 nt
330 2060 408 2083 non
431 2047 548 2082 nimis
573 2046 773 2083 abhorreat
796 2060 815 2081 a
842 2045 1139 2086 consuetudine,
1170 2045 1205 2084 is
1227 2056 1330 2081 recte

46 2139 61 2149 μ
80 2129 220 2164 parcere
244 2115 516 2154 consuetudini
541 2114 695 2150 dicitur.
741 2113 897 2152 Accedit
930 2114 1035 2162 quod
1065 2114 1130 2150 hic
1154 2114 1329 2163 adiungi-

80 2194 148 2219 tur
171 2184 332 2223 auribus,
368 2182 509 2231 quibus
531 2182 575 2217 in
599 2183 766 2219 novitate
790 2182 1001 2219 verborum
1027 2183 1159 2232 utique
1181 2197 1327 2230 parcen-

82 2251 166 2287 dum
190 2261 264 2291 est,
290 2263 339 2286 ne
364 2263 494 2300 aspera
517 2252 699 2299 quaedam
722 2251 772 2286 iis
797 2250 1058 2292 obtrudamus.
