1586 2618
94 0 115 9 ..
145 3 173 21 ,
199 0 231 26 ¹¹
295 0 301 8 .
330 0 343 6 ,ι
529 4 540 17 9
574 0 665 27 (mn-¹1
689 0 740 15 ἱ*
796 0 798 3 ’
830 2 832 4 v
891 0 894 2 ⁷

65 26 71 38 0
539 27 542 30 ,

318 160 398 196 DE
439 159 740 198 ORATORE
784 162 899 200 ΜΒ.
923 166 972 200 11.
998 174 1054 214 79.
1232 174 1359 224 259*

70 288 395 326 communitionem,
435 287 540 336 quod
573 298 628 324 est
655 289 700 325 in
732 290 807 326 Ms.
841 290 954 327 Norf.
979 300 1017 327 et
1036 290 1080 326 in
1104 292 1187 328 edd.
1211 293 1312 333 Vict.

66 354 200 391 Lamb.
225 356 354 404 Steph.

132 425 219 472 Pag.
242 432 325 468 225.
361 437 400 461 v.
424 434 480 470 27.
537 440 581 462 ac
621 427 761 474 templis
791 446 835 456 —·
893 427 1086 465 Guelferb.
1115 430 1164 466 A.
1205 441 1312 479 atquo

10 531 11 534 Ἰ
65 493 216 536 templis.

131 563 218 610 Pag.
241 569 321 607 225.
354 575 392 598 v.
416 573 473 610 29.
520 565 645 613 Itaque
669 567 707 600 in
736 567 858 612 parvis
880 574 984 611 atque
1008 567 1046 601 in
1063 565 1314 614 frequentibus

63 632 178 665 causis
199 649 240 657 —-
292 631 355 666 Sic
378 633 529 670 Victor.
572 633 675 675 Alii,
707 644 752 670 ut
785 633 943 670 Omnib.
977 637 1097 682 itaque
1130 638 1167 672 in
1189 639 1312 683 parvis

61 707 169 745 atque
182 698 435 746 frequentibus
451 704 572 736 causis.
608 704 660 738 Et
675 701 879 750 frequentes
891 716 1015 739 causas
1039 703 1312 754 interpretatur

63 766 261 803 Screbaeus
285 780 413 804 causas
437 769 629 811 leviores,
655 784 748 819 quae
774 772 921 820 saepius
943 784 1156 810 occurrant.
1203 776 1310 809 Pear-

61 835 143 871 cius
168 846 204 871 et
227 840 428 884 pofiffleum
453 837 522 873 alii
555 838 758 875 ediderunt
789 849 896 888 atque
928 840 1210 888 infrequentibus
1231 857 1312 877 cau·

60 907 128 944 sis,
152 904 192 940 h.
215 917 246 940 e.
269 918 407 953 parum
429 905 696 955 frequentatis,
729 908 776 943 ad
799 920 891 956 quas
925 909 1128 945 audiendas
1152 919 1309 959 propter
1365 920 1366 923 ’

59 972 257 1008 levitatem
281 974 394 1022 pauci
417 975 624 1011 convenire
648 975 805 1012 soleant.

127 1043 213 1090 Pag.
239 1042 318 1078 226.
353 1056 391 1078 v.
414 1048 449 1087 4.
496 1044 576 1079 duci
598 1044 716 1080 licebit
747 1063 794 1074 —·
839 1044 966 1081 Guelf.
985 1047 1030 1081 B.
1063 1046 1144 1082 duci
1163 1046 1306 1083 decebit.

63 1109 107 1146 C.
137 1110 217 1145 duci
241 1111 388 1147 debebit.

124 1180 210 1226 Pag.
235 1179 315 1214 226.
347 1192 386 1216 v.
412 1191 446 1226 9.
493 1181 524 1216 si
547 1179 705 1227 infanda
735 1200 783 1210 —-
830 1182 955 1218 Guelf.
980 1183 1026 1219 A.
1057 1185 1090 1219 si
1113 1182 1284 1231 nefanda.

123 1247 212 1295 Pag.
235 1247 314 1283 226.
347 1261 386 1284 v.
412 1258 468 1292 17.
512 1251 710 1297 gignuntur·
741 1269 787 1276 —
833 1251 960 1288 Guelf.
980 1252 1026 1286 A.
1050 1253 1259 1300 gignantur.

126 1315 214 1361 Pag.
237 1315 317 1351 226.
354 1329 392 1351 v.
418 1323 474 1360 25.
546 1319 738 1354 maximam
781 1327 900 1354 autem
942 1321 1084 1366 copiam
1125 1338 1172 1348 ·—
1242 1317 1307 1355 Sic

57 1382 184 1418 Guelf.
209 1385 255 1418 A.

122 1452 210 1499 Pag.
234 1452 311 1488 226.
345 1465 382 1488 v.
406 1462 463 1496 27.
511 1453 684 1489 trahemus
707 1475 752 1483 —
798 1455 853 1489 Ita
877 1454 1004 1490 Guelf.
1031 1456 1079 1491 A.

122 1521 208 1567 Pag.
233 1529 311 1564 227.
344 1533 383 1557 ν.
410 1534 442 1557 ι.
489 1522 611 1557 leviter
633 1542 680 1550 —
726 1521 850 1558 Guelf.
874 1523 917 1558 C.
942 1523 1080 1559 leniter.

122 1590 210 1636 Pag.
233 1599 312 1633 227.
346 1602 384 1626 v.
406 1597 442 1633 5.
497 1590 685 1626 membrum
726 1610 772 1618 —
827 1590 953 1626 Guelf.
986 1593 1032 1627 A.
1063 1590 1301 1627 membrorum.

55 1656 248 1692 mendose.

121 1726 208 1772 Pag.
232 1734 313 1768 227.
345 1738 383 1761 v.
407 1735 440 1770 7.
465 1732 500 1770 8.
555 1726 624 1762 sibi
649 1727 741 1775 fieri
773 1727 866 1764 nolle
895 1746 941 1755 -
998 1726 1123 1764 Guelf.
1153 1728 1200 1764 A.
1234 1727 1309 1766 sibi,

48 1790 141 1840 sieri
166 1793 266 1829 velle.
322 1795 366 1829 B.
396 1793 486 1842 fieri
509 1794 577 1830 sibi
595 1795 703 1836 velle,
737 1807 943 1845 utrumque
975 1796 1115 1844 inepte.
1162 1797 1303 1833 Veram

53 1859 260 1897 lectionem
284 1863 380 1898 nolle
402 1862 645 1911 praeiverunt
668 1876 688 1899 e
712 1865 806 1902 Mss.
832 1865 1018 1900 Gruterus
1049 1874 1086 1900 et
1108 1863 1300 1905 Pearcius,

123 1931 209 1978 Pag.
233 1939 311 1975 227.
343 1944 381 1968 v.
404 1937 440 1975 8.
487 1940 593 1977 atque
616 1933 785 1969 eiusmodi
806 1952 852 1962 —
898 1932 1024 1969 Guelf.
1043 1933 1090 1969 A.
1115 1942 1219 1978 atque
1236 1933 1300 1969 hu·

55 1999 220 2034 iusmodi.

122 2068 209 2114 Pag.
234 2076 313 2111 227.
341 2080 381 2105 v.
407 2082 462 2107 u.
506 2069 728 2115 proluserunt
758 2087 804 2097 -
850 2067 974 2106 Guelf.
1003 2069 1050 2107 A.
1080 2069 1125 2105 B.
1153 2069 1196 2106 C.
1219 2082 1298 2116 pro-

55 2133 216 2171 luserint.
